<record><leader>00000cas a22000007a 4500</leader><controlfield tag="001">11718594</controlfield><controlfield tag="008">850221d18681918wiudn ne      0    0eng d</controlfield><datafield ind1=" " ind2=" " tag="010"><subfield code="a">sn 85033179 </subfield></datafield><datafield ind1=" " ind2=" " tag="040"><subfield code="a">NPU</subfield><subfield code="b">eng</subfield><subfield code="c">NPU</subfield><subfield code="d">DLC</subfield><subfield code="d">NPV</subfield><subfield code="d">MFN</subfield><subfield code="d">MN#</subfield><subfield code="d">NVF</subfield><subfield code="d">HLS</subfield><subfield code="d">OCLCQ</subfield><subfield code="d">OCLCF</subfield><subfield code="d">OCLCO</subfield></datafield><datafield ind1=" " ind2=" " tag="042"><subfield code="a">msc</subfield></datafield><datafield ind1="0" ind2="0" tag="050"><subfield code="a">Newspaper 10216-X</subfield></datafield><datafield ind1="0" ind2="4" tag="245"><subfield code="a">The Evening Wisconsin.</subfield></datafield><datafield ind1=" " ind2=" " tag="260"><subfield code="a">Milwaukee, Wis. :</subfield><subfield code="b">Wm. E. &amp; Jno. F. Cramer,</subfield><subfield code="c">1868-1918.</subfield></datafield><datafield ind1=" " ind2=" " tag="300"><subfield code="a">v.</subfield></datafield><datafield ind1=" " ind2=" " tag="310"><subfield code="a">Daily (except Sunday)</subfield></datafield><datafield ind1="0" ind2=" " tag="362"><subfield code="a">Vol. 22, no. 1 (June 1, 1868)-72nd (Oct. 15, 1918).</subfield></datafield><datafield ind1=" " ind2=" " tag="580"><subfield code="a">Other ed.: Weekly Wisconsin, 1868-&lt;1900&gt;.</subfield></datafield><datafield ind1=" " ind2=" " tag="580"><subfield code="a">Other ed.: Semi-weekly Wisconsin, 1868-1882.</subfield></datafield><datafield ind1=" " ind2="0" tag="651"><subfield code="a">Milwaukee (Wis.)</subfield><subfield code="v">Newspapers.</subfield></datafield><datafield ind1=" " ind2="7" tag="655"><subfield code="a">Newspapers.</subfield><subfield code="2">fast</subfield><subfield code="0">(OCoLC)fst01423814</subfield></datafield><datafield ind1=" " ind2="7" tag="651"><subfield code="a">Wisconsin</subfield><subfield code="z">Milwaukee.</subfield><subfield code="2">fast</subfield><subfield code="0">(OCoLC)fst01206626</subfield></datafield><datafield ind1=" " ind2=" " tag="752"><subfield code="a">United States</subfield><subfield code="b">Wisconsin</subfield><subfield code="c">Milwaukee</subfield><subfield code="d">Milwaukee.</subfield></datafield><datafield ind1="1" ind2=" " tag="775"><subfield code="t">Weekly Wisconsin</subfield><subfield code="w">(DLC)sn 85033181</subfield></datafield><datafield ind1="1" ind2=" " tag="775"><subfield code="t">Semi-weekly Wisconsin</subfield><subfield code="w">(DLC)sn 85033180</subfield></datafield><datafield ind1="0" ind2="0" tag="780"><subfield code="t">Daily Wisconsin</subfield><subfield code="w">(DLC)sn 85033196</subfield><subfield code="w">(OCoLC)11748557</subfield></datafield><datafield ind1="0" ind2="7" tag="785"><subfield code="t">Milwaukee daily news (Milwaukee, Wis. : 1891)</subfield><subfield code="w">(DLC)sn 87082448</subfield></datafield><datafield ind1="0" ind2="7" tag="785"><subfield code="t">Evening Wisconsin and Milwaukee daily news</subfield><subfield code="w">(DLC)sn 87082437</subfield></datafield></record>